@article{Hubisz_et_al_2009,
   author = "Hubisz, M. J. and Falush, D. and Stephens, M. and Pritchard, J. K.",
   title = "Inferring weak population structure with the assistance of sample group information",
   journal = "Molecular Ecology Resources",
   volume = "9",
   number = "5",
   pages = "1322-32",
   year = "2009",
   type = "Journal Article"
}

@article{Pritchard_et_al_2000,
   author = "Pritchard, J. K. and Stephens, M. and Donnelly, Peter",
   title = "Inference of Population Structure Using Multilocus Genotype Data",
   journal = "Genetics",
   volume = "155",
   pages = "945-959",
   year = "2000",
   type = "Journal Article"
}

@article{Goudet_2005,
   author = "Goudet, J.",
   title = "{HIERFSTAT}, a package for {R} to compute and test hierarchical {F}-statistics",
   journal = "Molecular Ecology Notes",
   volume = "5",
   pages = "184-186",
   year = "2005",
   type = "Journal Article"
}

@article{Rousset_2008,
   author = "Rousset, F.",
   title = "genepop'007: a complete re-implementation of the genepop software for Windows and Linux",
   journal = "Molecular Ecology Resoures",
   volume = "8",
   number = "1",
   pages = "103-6",
   year = "2008",
   type = "Journal Article"
}

@article{Patterson_et_al_2006,
   author = "Patterson, Nick and Price, Alkes L. and Reich, David",
   title = "Population Structure and Eigenanalysis",
   journal = "PLoS Genetics",
   volume = "2",
   number = "12",
   pages = "e190",
   year = "2006",
   type = "Journal Article"
}

@article{Browning_and_Browning_2007,
   author = "Browning, S. R. and Browning, B. L.",
   title = "Rapid and accurate haplotype phasing and missing-data inference for whole-genome association studies by use of localized haplotype clustering",
   journal = "American Journal of Human Genetics",
   volume = "81",
   number = "5",
   pages = "1084-97",
   year = "2007",
   type = "Journal Article"
}

@article{De_Wit_et_al_2012,
   author = "De Wit, P. and Pespeni, M. H. and Ladner, J. T. and Barshis, D. J. and Seneca, F. and Jaris, H. and Therkildsen, N. O. and Morikawa, M. and Palumbi, S. R.",
   title = "The simple fool's guide to population genomics via {RNA}-{S}eq: an introduction to high-throughput sequencing data analysis",
   journal = "Molecular Ecology Resources",
   volume = "12",
   number = "6",
   pages = "1058-67",
   year = "2012",
   type = "Journal Article"
}

@article{Danecek_et_al_2011,
   author = "Danecek, P. and Auton, A. and Abecasis, G. and Albers, C. A. and Banks, E. and DePristo, M. A. and Handsaker, R. E. and Lunter, G. and Marth, G. T. and Sherry, S. T. and McVean, G. and Durbin, R. and Genomes Project Analysis, Group",
   title = "The {V}ariant {C}all {F}ormat and {VCF}tools",
   journal = "Bioinformatics",
   volume = "27",
   number = "15",
   pages = "2156-8",
   year = "2011",
   type = "Journal Article"
}

@article{Li_et_al_2009,
   author = "Li, H. and Handsaker, B. and Wysoker, A. and Fennell, T. and Ruan, J. and Homer, N. and Marth, G. and Abecasis, G. and Durbin, R. and Genome Project Data Processing, Subgroup",
   title = "The {S}equence {A}lignment/{M}ap format and {SAM}tools",
   journal = "Bioinformatics",
   volume = "25",
   number = "16",
   pages = "2078-9",
   year = "2009",
   type = "Journal Article"
}

@article{Li_2013,
   author = "Li, Heng",
   title = "Aligning sequence reads, clone sequences and assembly contigs with {BWA-MEM}",
   journal = "arXiv",
   volume = "1303.3997",
   year = "2013",
   type = "Journal Article"
}

@article{Shaffer_et_al_2013,
   author = "Shaffer, H. B. and Minx, P. and Warren, D. E. and Shedlock, A. M. and Thomson, R. C. and Valenzuela, N. and Abramyan, J. and Amemiya, C. T. and Badenhorst, D. and Biggar, K. K. and Borchert, G. M. and Botka, C. W. and Bowden, R. M. and Braun, E. L. and Bronikowski, A. M. and Bruneau, B. G. and Buck, L. T. and Capel, B. and Castoe, T. A. and Czerwinski, M. and Delehaunty, K. D. and Edwards, S. V. and Fronick, C. C. and Fujita, M. K. and Fulton, L. and Graves, T. A. and Green, R. E. and Haerty, W. and Hariharan, R. and Hernandez, O. and Hillier, L. W. and Holloway, A. K. and Janes, D. and Janzen, F. J. and Kandoth, C. and Kong, L. and de Koning, A. J. and Li, Y. and Literman, R. and McGaugh, S. E. and Mork, L. and O'Laughlin, M. and Paitz, R. T. and Pollock, D. D. and Ponting, C. P. and Radhakrishnan, S. and Raney, B. J. and Richman, J. M. and St John, J. and Schwartz, T. and Sethuraman, A. and Spinks, P. Q. and Storey, K. B. and Thane, N. and Vinar, T. and Zimmerman, L. M. and Warren, W. C. and Mardis, E. R. and Wilson, R. K.",
   title = "The western painted turtle genome, a model for the evolution of extreme physiological adaptations in a slowly evolving lineage",
   journal = "Genome Biology",
   volume = "14",
   number = "3",
   pages = "R28",
   year = "2013",
   type = "Journal Article"
}

@article{McKenna_et_al_2010,
   author = "McKenna, A. and Hanna, M. and Banks, E. and Sivachenko, A. and Cibulskis, K. and Kernytsky, A. and Garimella, K. and Altshuler, D. and Gabriel, S. and Daly, M. and DePristo, M. A.",
   title = "The {G}enome {A}nalysis {T}oolkit: a {M}ap{R}educe framework for analyzing next-generation {DNA} sequencing data",
   journal = "Genome Research",
   volume = "20",
   number = "9",
   pages = "1297-1303",
   year = "2010",
   type = "Journal Article"
}

@article{Lischer_and_Excoffier_2012,
   author = "Lischer, HEL and Excoffier, Laurent",
   title = "{PGDS}pider: an automated data conversion tool for connecting population genetics and genomics programs",
   journal = "Bioinformatics",
   volume = "28",
   number = "2",
   pages = "298-299",
   year = "2012",
   type = "Journal Article"
}

@article{Bolger_et_al_2014,
   author = "Bolger, Anthony M and Lohse, Marc and Usadel, Bjoern",
   title = "{TRIMMOMATIC}: a flexible trimmer for {I}llumina sequence data",
   journal = "Bioinformatics",
   pages = "btu170",
   year = "2014",
   type = "Journal Article"
}

@article{Elbers_and_Taylor_2015,
   author = "Elbers, Jean P. and Taylor, Sabrina S.",
   title = "{GO2TR}: a gene ontology-based workflow to generate target regions for target enrichment experiments",
   journal = "Conservation Genetics Resources",
   volume = "7",
   number = "4",
   pages = "851-857",
   year = "2015",
   type = "Journal Article"
}

@article{Lunter_and_Goodson_2011,
   author = "Lunter, G. and Goodson, M.",
   title = "{STAMPY}: a statistical algorithm for sensitive and fast mapping of {I}llumina sequence reads",
   journal = "Genome Research",
   volume = "21",
   number = "6",
   pages = "936-9",
   year = "2011",
   type = "Journal Article"
}

@article{Li_and_Durbin_2009,
   author = "Li, H. and Durbin, R.",
   title = "Fast and accurate short read alignment with {B}urrows-{W}heeler transform",
   journal = "Bioinformatics",
   volume = "25",
   number = "14",
   pages = "1754-60",
   year = "2009",
   type = "Journal Article"
}
@article{Ligges_and_Machler_2003,
   author = {Ligges, U. and Maechler, M.},
   title = {scatterplot3d - An {R} Package for Visualizing Multivariate Data},
   journal = {Journal of Statistical Software},
   volume = {8},
   number = {11},
   pages = {1-20},
   year = {2003},
   type = {Journal Article}
}
@article{Goudet_1995,
   author = {Goudet, Jérôme},
   title = {{FSTAT} (version 1.2): a computer program to calculate {F}-statistics},
   journal = {Journal of Heredity},
   volume = {86},
   number = {6},
   pages = {485-486},
   ISSN = {0022-1503},
   year = {1995},
   type = {Journal Article}
}
@article{Raymond_and_Rousset_1995,
   author = {Raymond, Michel and Rousset, François},
   title = {{GENEPOP} (version 1.2): population genetics software for exact tests and ecumenicism},
   journal = {Journal of Heredity},
   volume = {86},
   number = {3},
   pages = {248-249},
   ISSN = {0022-1503},
   year = {1995},
   type = {Journal Article}
}
@article{Earl_and_vonHoldt_2012,
   author = {Earl, Dent A and vonHoldt, B. M.},
   title = {{STRUCTURE HARVESTER}: a website and program for visualizing {STRUCTURE} output and implementing the {E}vanno method},
   journal = {Conservation Genetics Resources},
   volume = {4},
   number = {2},
   pages = {359-361},
   ISSN = {1877-7252},
   year = {2012},
   type = {Journal Article}
}
@article{Jakobsson_and_Rosenberg_2007,
   author = {Jakobsson, Mattias and Rosenberg, Noah A},
   title = {{CLUMPP}: a cluster matching and permutation program for dealing with label switching and multimodality in analysis of population structure},
   journal = {Bioinformatics},
   volume = {23},
   number = {14},
   pages = {1801-1806},
   ISSN = {1367-4803},
   year = {2007},
   type = {Journal Article}
}
@article{Rosenberg_2004,
   author = {Rosenberg, Noah A},
   title = {{DISTRUCT}: a program for the graphical display of population structure},
   journal = {Molecular Ecology Notes},
   volume = {4},
   number = {1},
   pages = {137-138},
   ISSN = {1471-8286},
   year = {2004},
   type = {Journal Article}
}
@article{Clostio_et_al_2012,
   author = {Clostio, R. W. and Martinez, A. M. and LeBlanc, K. E. and Anthony, N. M.},
   title = {Population genetic structure of a threatened tortoise across the south-eastern {U}nited {S}tates: implications for conservation management},
   journal = {Animal Conservation},
   volume = {15},
   number = {6},
   pages = {613-625},
   ISSN = {13679430},
   DOI = {10.1111/j.1469-1795.2012.00557.x},
   year = {2012},
   type = {Journal Article}
}
@article{Excoffier_and_Lischer_2010,
   author = {Excoffier, L. and Lischer, H. E.},
   title = {Arlequin suite ver 3.5: a new series of programs to perform population genetics analyses under {L}inux and {W}indows},
   journal = {Molecular Ecology Resources},
   volume = {10},
   number = {3},
   pages = {564-7},
   ISSN = {1755-0998},
   DOI = {10.1111/j.1755-0998.2010.02847.x},
   year = {2010},
   type = {Journal Article}
}
@article{Liao_et_al_2014,
   author = {Liao, Y. and Smyth, G. K. and Shi, W.},
   title = {feature{C}ounts: an efficient general purpose program for assigning sequence reads to genomic features},
   journal = {Bioinformatics},
   volume = {30},
   number = {7},
   pages = {923-30},
   ISSN = {1367-4803},
   DOI = {10.1093/bioinformatics/btt656},
   year = {2014},
   type = {Journal Article}
}
@article{Foll_and_Gaggiotti_2008,
   author = {Foll, Matthieu and Gaggiotti, Oscar},
   title = {A genome-scan method to identify selected loci appropriate for both dominant and codominant markers: a {B}ayesian perspective},
   journal = {Genetics},
   volume = {180},
   number = {2},
   pages = {977-993},
   ISSN = {0016-6731},
   year = {2008},
   type = {Journal Article}
}
@article{Benjamini_and_Hochberg_1995,
   author = {Benjamini, Yoav and Hochberg, Yosef},
   title = {Controlling the False Discovery Rate: A Practical and Powerful Approach to Multiple Testing},
   journal = {Journal of the Royal Statistical Society. Series B (Methodological)},
   volume = {57},
   number = {1},
   pages = {289-300},
   ISSN = {00359246},
   year = {1995},
   type = {Journal Article}
}
@article{Tajima_1989,
   author = {Tajima, Fumio},
   title = {Statistical method for testing the neutral mutation hypothesis by {DNA} polymorphism},
   journal = {Genetics},
   volume = {123},
   number = {3},
   pages = {585-595},
   ISSN = {0016-6731},
   year = {1989},
   type = {Journal Article}
}
@article{Vilella_et_al_2005,
   author = {Vilella, Albert J. and Blanco-Garcia, Angel and Hutter, Stephan and Rozas, Julio},
   title = {Vari{S}can: Analysis of evolutionary patterns from large-scale {DNA} sequence polymorphism data},
   journal = {Bioinformatics},
   volume = {21},
   number = {11},
   pages = {2791-2793},
   year = {2005},
   type = {Journal Article}
}
@article{Hudson_2002,
   author = {Hudson, Richard R.},
   title = {Generating samples under a {W}right-{F}isher neutral model of genetic variation},
   journal = {Bioinformatics},
   volume = {18},
   number = {2},
   pages = {337-338},
   year = {2002},
   type = {Journal Article}
}
@article{Biswas_and_Akey_2006,
   author = {Biswas, S. and Akey, J. M.},
   title = {Genomic insights into positive selection},
   journal = {Trends in Genetics},
   volume = {22},
   number = {8},
   pages = {437-446},
   ISSN = {0168-9525},
   year = {2006},
   type = {Journal Article}
}
@article{Quinlan_and_Hall_2010,
   author = {Quinlan, A. R. and Hall, I. M.},
   title = {BEDTools: a flexible suite of utilities for comparing genomic features},
   journal = {Bioinformatics},
   volume = {26},
   number = {6},
   pages = {841-2},
   year = {2010},
   type = {Journal Article}
}
@article{Edgar_2004,
   author = {Edgar, Robert C},
   title = {{MUSCLE}: multiple sequence alignment with high accuracy and high throughput},
   journal = {Nucleic Acids Research},
   volume = {32},
   number = {5},
   pages = {1792-1797},
   ISSN = {0305-1048},
   year = {2004},
   type = {Journal Article}
}
@article{Flot_2010,
   author = {Flot, J. F.},
   title = {Seq{PHASE}: a web tool for interconverting {PHASE} input/output files and {FASTA} sequence alignments},
   journal = {Molecular Ecology Resources},
   volume = {10},
   number = {1},
   pages = {162-166},
   ISSN = {1755-0998},
   year = {2010},
   type = {Journal Article}
}
@article{Stephens_et_al_2001,
   author = {Stephens, Matthew and Smith, Nicholas J and Donnelly, Peter},
   title = {A new statistical method for haplotype reconstruction from population data},
   journal = {The American Journal of Human Genetics},
   volume = {68},
   number = {4},
   pages = {978-989},
   ISSN = {0002-9297},
   year = {2001},
   type = {Journal Article}
}
@article{Felsenstein_1989,
   author = {Felsenstein, J.},
   title = {Phylogeny Inference Package (Version 3.2)},
   journal = {Cladistics},
   volume = {5},
   pages = {164-166},
   year = {1989},
   type = {Journal Article}
}
@article{Pearson_1990,
   author = {Pearson, William R},
   title = {Rapid and sensitive sequence comparison with {FASTP} and {FASTA}},
   journal = {Methods in Enzymology},
   volume = {183},
   pages = {63-98},
   ISSN = {0076-6879},
   year = {1990},
   type = {Journal Article}
}
@article{Lozier_2014,
   author = {Lozier, J. D.},
   title = {Revisiting comparisons of genetic diversity in stable and declining species: assessing genome-wide polymorphism in {N}orth {A}merican bumble bees using {RAD} sequencing},
   journal = {Molecular Ecology},
   volume = {23},
   number = {4},
   pages = {788-801},
   url = {http://www.ncbi.nlm.nih.gov/pubmed/24351120},
   year = {2014},
   type = {Journal Article}
}
@article{Kopelman_et_al_2015,
   author = {Kopelman, N. M. and Mayzel, J. and Jakobsson, M. and Rosenberg, N. A. and Mayrose, I.},
   title = {{CLUMPAK}: a program for identifying clustering modes and packaging population structure inferences across K},
   journal = {Molecular Ecology Resources},
   volume = {15},
   number = {5},
   pages = {1179-91},
   ISSN = {1755-098x},
   year = {2015},
   type = {Journal Article}
}
@article{Al-Shahrour_et_al_2004,
   author = {Al-Shahrour, F. and Diaz-Uriarte, R. and Dopazo, J.},
   title = {{FatiGO}: a web tool for finding significant associations of {G}ene {O}ntology terms with groups of genes},
   journal = {Bioinformatics},
   volume = {20},
   number = {4},
   pages = {578-80},
   year = {2004},
   type = {Journal Article}
}
@article{Conesa_et_al_2005,
   author = {Conesa, A. and Gotz, S. and Garcia-Gomez, J. M. and Terol, J. and Talon, M. and Robles, M.},
   title = {Blast2{GO}: a universal tool for annotation, visualization and analysis in functional genomics research},
   journal = {Bioinformatics},
   volume = {21},
   number = {18},
   pages = {3674-6},
   year = {2005},
   type = {Journal Article}
}
@article{Allendorf_et_al_2010,
   author = {Allendorf, F. W. and Hohenlohe, P. A. and Luikart, G.},
   title = {Genomics and the future of conservation genetics},
   journal = {Nature Reviews Genetics},
   volume = {11},
   number = {10},
   pages = {697-709},
   year = {2010},
   type = {Journal Article}
}
@article{Gupta_et_al_2001,
  title={Single nucleotide polymorphisms {SNPs}: a new paradigm in molecular marker technology and {DNA} polymorphism detection with emphasis on their use in plants},
  author={Gupta, PK and Roy, JK and Prasad, M},
  journal={Current Science},
  volume={80},
  number={4},
  pages={524-535},
  year={2001},
  type = {Journal Article}
}
@article{Moritz_1994,
   author = {Moritz, C.},
   title = {Applications of mitochondrial {DNA} analysis in conservation: a critical review},
   journal = {Molecular Ecology},
   volume = {3},
   number = {4},
   pages = {401-411},
   year = {1994},
   type = {Journal Article}
}
@article{Brown_et_al_1999,
   author = {Brown, Mary B. and McLaughlin, Grace S. and Klein, Paul A. and Crenshaw, B. C. and Schumacher, I. M. and Brown, D. R. and Jacobson, Elliott R.},
   title = {Upper respiratory tract disease in the gopher tortoise is caused by {M}ycoplasma agassizii},
   journal = {Journal of Clinical Microbiology},
   volume = {37},
   number = {7},
   pages = {2262-2269},
   year = {1999},
   type = {Journal Article}
}
@article{Schwartz_and_Karl_2005,
   author = {Schwartz, Tonia S. and Karl, Stephen A.},
   title = {Population and conservation genetics of the gopher tortoise ({G}opherus polyphemus)},
   journal = {Conservation Genetics},
   volume = {6},
   number = {6},
   pages = {917-928},
   year = {2005},
   type = {Journal Article}
}
@article{Ennen_et_al_2010,
   author = {Ennen, Joshua Robert and Kreiser, Brian R. and Qualls, Carl P.},
   title = {Low genetic diversity in several gopher tortoise ({G}opherus polyphemus) populations in the {D}esoto {N}ational {F}orest, {M}ississippi},
   journal = {Herpetologica},
   volume = {66},
   number = {1},
   pages = {31-38},
   year = {2010},
   type = {Journal Article}
}
@article{Richter_et_al_2011,
   author = {Richter, Stephen C. and Jackson, Jeffrey A. and Hinderliter, Matthew and Epperson, Deborah M. and Theodorakis, Christopher W. and Adams, S. Marshall},
   title = {Conservation genetics of the largest cluster of federally threatened gopher tortoise ({G}opherus polyphemus) colonies with implications for species management},
   journal = {Herpetologica},
   volume = {67},
   number = {4},
   pages = {406-419},
   year = {2011},
   type = {Journal Article}
}
@article{Ryynanen_et_al_2007,
   author = {Ryynanen, Heikki J. and Tonteri, Anni and Vasemagi, Anti and Primmer, Craig R.},
   title = {A comparison of biallelic markers and microsatellites for the estimation of population and conservation genetic parameters in {A}tlantic salmon ({S}almo salar)},
   journal = {Journal of Heredity},
   volume = {98},
   number = {7},
   pages = {692-704},
   year = {2007},
   type = {Journal Article}
}
@article{Narum_et_al_2008,
   author = {Narum, S.  R and Banks, M. and Beacham, T.  D and Bellinger, M.  R and Campbell, M.  R and Dekoning, J. and Elz, A. and Guthrie Iii, C.  M and Kozfkay, C. and Miller, K.  M and Moran, P. and Phillips, R. and Seeb, L.  W and Smith, C.  T and Warheit, K. and Young, S.  F and Garza, J.  C},
   title = {Differentiating salmon populations at broad and fine geographical scales with microsatellites and single nucleotide polymorphisms},
   journal = {Molecular Ecology},
   volume = {17},
   number = {15},
   pages = {3464-3477},
   year = {2008},
   type = {Journal Article}
}
@article{Coates_et_al_2009,
   author = {Coates, Brad S. and Sumerford, Douglas V. and Miller, Nicholas J. and Kim, Kyung S. and Sappington, Thomas W. and Siegfried, Blair D. and Lewis, Leslie C.},
   title = {Comparative Performance of Single Nucleotide Polymorphism and Microsatellite Markers for Population Genetic Analysis},
   journal = {Journal of Heredity},
   volume = {100},
   number = {5},
   pages = {556-564},
   year = {2009},
   type = {Journal Article}
}
@article{Glover_et_al_2010,
   author = {Glover, Kevin A and Hansen, Michael M and Lien, Sigbjorn and Als, Thomas D and Hoyheim, Bjorn and Skaala, Oystein},
   title = {A comparison of {SNP} and {STR} loci for delineating population structure and performing individual genetic assignment},
   journal = {BMC Genetics},
   volume = {11},
   number = {1},
   pages = {1-12},
   year = {2010},
   type = {Journal Article}
}
@article{Vali_et_al_2008,
   author = {Vali, Ulo and Einarsson, Annika and Waits, Lisette and Ellegren, Hans},
   title = {To what extent do microsatellite markers reflect genome-wide genetic diversity in natural populations?},
   journal = {Molecular Ecology},
   volume = {17},
   number = {17},
   pages = {3808-3817},
   year = {2008},
   type = {Journal Article}
}
@article{Morin_et_al_2012,
   author = {Morin, Phillip A and Archer, Frederick I and Pease, Victoria L and Hancock-Hanser, Brittany L and Robertson, Kelly M and Huebinger, Ryan M and Martien, Karen K and Bickham, John W and George, J Craig and Postma, Lianne D},
   title = {An empirical comparison of {SNP}s and microsatellites for population structure, assignment, and demographic analyses of bowhead whale populations},
   journal = {Endangered Species Research},
   volume = {19},
   pages = {129-147},
   year = {2012},
   type = {Journal Article}
}
@article{Ortutay_and_Vihinen_2006,
   author = {Ortutay, Csaba and Vihinen, Mauno},
   title = {Immunome: a reference set of genes and proteins for systems biology of the human immune system},
   journal = {Cellular Immunology},
   volume = {244},
   number = {2},
   pages = {87-89},
   year = {2006},
   type = {Journal Article}
}
@article{Anderson_and_Garza_2006,
   author = {Anderson, Eric C and Garza, John Carlos},
   title = {The power of single-nucleotide polymorphisms for large-scale parentage inference},
   journal = {Genetics},
   volume = {172},
   number = {4},
   pages = {2567-2582},
   ISSN = {0016-6731},
   year = {2006},
   type = {Journal Article}
}
@article{Hauser_et_al_2011,
   author = {Hauser, Lorenz and Baird, Melissa and Hilborn, R. A. Y. and Seeb, Lisa W. and Seeb, James E.},
   title = {An empirical comparison of {SNP}s and microsatellites for parentage and kinship assignment in a wild sockeye salmon ({O}ncorhynchus nerka) population},
   journal = {Molecular Ecology Resources},
   volume = {11},
   pages = {150-161},
   year = {2011},
   type = {Journal Article}
}
@article{Morin_et_al_2009,
   author = {Morin, P. A. and Martien, K. K. and Taylor, B. L.},
   title = {Assessing statistical power of {SNP}s for population structure and conservation studies},
   journal = {Molecular Ecology Resources},
   volume = {9},
   number = {1},
   pages = {66-73},
   year = {2009},
   type = {Journal Article}
}
@Manual{R_Core_Team,
    title = {R: A Language and Environment for Statistical Computing},
    author = {{R Core Team}},
    organization = {R Foundation for Statistical Computing},
    address = {Vienna, Austria},
    year = {2015},
    url = {http://www.R-project.org/},
}
@article{van_Tienderen_et_al_2002,
   author = {van Tienderen, Peter H and de Haan, Anita A and van der Linden, C Gerard and Vosman, Ben},
   title = {Biodiversity assessment using markers for ecologically important traits},
   journal = {Trends in Ecology and Evolution},
   volume = {17},
   pages = {577-582},
   year = {2002},
   type = {Journal Article}
}
@article{Meyers_and_Bull_2002,
   author = {Meyers, Lauren Ancel and Bull, James J},
   title = {Fighting change with change: adaptive variation in an uncertain world},
   journal = {Trends in Ecology and Evolution},
   volume = {17},
   pages = {551-557},
   year = {2002},
   type = {Journal Article}
}
@article{Langefors_et_al_2001,
   author = {Langefors, A. and Lohm, J. and Grahn, M. and Andersen, O. and von Schantz, T.},
   title = {Association between major histocompatibility complex class IIB alleles and resistance to {A}eromonas salmonicida in Atlantic salmon},
   journal = {Proceedings of the Royal Society of London B},
   volume = {268},
   number = {1466},
   pages = {479-485},
   year = {2001},
   type = {Journal Article}
}
@article{Vitti_et_al_2013,
   author = {Vitti, J. J. and Grossman, S. R. and Sabeti, P. C.},
   title = {Detecting natural selection in genomic data},
   journal = {Annual Review of Genetics},
   volume = {47},
   pages = {97-120},
   year = {2013},
   type = {Journal Article}
}
@article{Narum_and_Hess_2011,
   author = {Narum, Shawn R. and Hess, Jon E.},
   title = {Comparison of {FST} outlier tests for {SNP} loci under selection},
   journal = {Molecular Ecology Resources},
   volume = {11},
   pages = {184-194},
   ISSN = {1755-0998},
   DOI = {10.1111/j.1755-0998.2011.02987.x},
   url = {http://dx.doi.org/10.1111/j.1755-0998.2011.02987.x},
   year = {2011},
   type = {Journal Article}
}
@article{Garke_et_al_2012,
   author = {Garke, C. and Ytournel, F. and Bedhom, B. and Gut, I. and Lathrop, M. and Weigend, S. and Simianer, H.},
   title = {Comparison of {SNP}s and microsatellites for assessing the genetic structure of chicken populations},
   journal = {Animal Genetics},
   volume = {43},
   number = {4},
   pages = {419-428},
   ISSN = {1365-2052},
   DOI = {10.1111/j.1365-2052.2011.02284.x},
   url = {http://dx.doi.org/10.1111/j.1365-2052.2011.02284.x},
   year = {2012},
   type = {Journal Article}
}
@article{DeFaveri_et_al_2013,
   author = {DeFaveri, Jacquelin and Viitaniemi, Heidi and Leder, Erica and Merilä, Juha},
   title = {Characterizing genic and nongenic molecular markers: comparison of microsatellites and {SNP}s},
   journal = {Molecular Ecology Resources},
   volume = {13},
   number = {3},
   pages = {377-392},
   ISSN = {1755-0998},
   DOI = {10.1111/1755-0998.12071},
   url = {http://dx.doi.org/10.1111/1755-0998.12071},
   year = {2013},
   type = {Journal Article}
}
@article{Jeffries_et_al_2016,
   author = {Jeffries, Daniel L. and Copp, Gordon H. and Lawson Handley, Lori and Olsen, K. Hakan and Sayer, Carl D. and Hanfling, Bernd},
   title = {Comparing {RAD}seq and microsatellites to infer complex phylogeographic patterns, an empirical perspective in the {C}rucian carp, {C}arassius carassius, {L}},
   journal = {Molecular Ecology},
   pages = {in press},
   ISSN = {1365-294X},
   DOI = {10.1111/mec.13613},
   url = {http://dx.doi.org/10.1111/mec.13613},
   year = {2016},
   type = {Journal Article}
}
@article{Bernatchez_and_Landry_2003,
   author = {Bernatchez, L. and Landry, C.},
   title = {{MHC} studies in nonmodel vertebrates: what have we learned about natural selection in 15 years?},
   journal = {Journal of Evolutionary Biology},
   volume = {16},
   number = {3},
   pages = {363-377},
   url = {http://www.ncbi.nlm.nih.gov/pubmed/14635837},
   year = {2003},
   type = {Journal Article}
}
@article{Sommer_2005,
   author = {Sommer, Simone},
   title = {The importance of immune gene variability ({MHC}) in evolutionary ecology and conservation},
   journal = {Frontiers in Zoology},
   volume = {2},
   pages = {16-16},
   DOI = {10.1186/1742-9994-2-16},
   url = {http://www.pubmedcentral.nih.gov/articlerender.fcgi?artid=1282567&tool=pmcentrez&rendertype=abstract},
   year = {2005},
   type = {Journal Article}
}
@article{Wright_1931,
   author = {Wright, Sewall},
   title = {Evolution in Mendelian populations},
   journal = {Genetics},
   volume = {16},
   number = {2},
   pages = {97-159},
   ISSN = {0016-6731},
   year = {1931},
   type = {Journal Article}
}
@book{Frankham_et_al_2010,
   author = {Frankham, Richard and Ballou, Jonathan D. and Briscoe, David A.},
   title = {Introduction to conservation genetics},
   publisher = {Cambridge University Press},
   address = {Cambridge},
   edition = {2},
   year = {2010},
   type = {Book}
}
@article{Weber_et_al_2004,
   author = {Weber, Diana S and Stewart, Brent S and Schienman, John and Lehman, Niles},
   title = {Major histocompatibility complex variation at three class {II} loci in the northern elephant seal},
   journal = {Molecular Ecology},
   volume = {13},
   number = {3},
   pages = {711-718},
   ISSN = {1365-294X},
   year = {2004},
   type = {Journal Article}
}
@article{Miller_et_al_2008,
   author = {Miller, H. C. and Miller, K. A. and Daugherty, C. H.},
   title = {Reduced {MHC} variation in a threatened tuatara species},
   journal = {Animal Conservation},
   volume = {11},
   number = {3},
   pages = {206-214},
   ISSN = {1367-9430},
   DOI = {10.1111/j.1469-1795.2008.00168.x},
   year = {2008},
   type = {Journal Article}
}
@article{Taylor_et_al_2012,
   author = {Taylor, S. S. and Jenkins, D. A. and Arcese, P.},
   title = {Loss of {MHC} and neutral variation in {P}eary caribou: genetic drift is not mitigated by balancing selection or exacerbated by {MHC} allele distributions},
   journal = {PLoS One},
   volume = {7},
   number = {5},
   pages = {e36748},
   DOI = {10.1371/journal.pone.0036748},
   url = {http://www.ncbi.nlm.nih.gov/pubmed/22655029},
   year = {2012},
   type = {Journal Article}
}
@article{Zhdanova_and_Pudovkin_2008,
   author = {Zhdanova, Oxana L and Pudovkin, Alexander I},
   title = {Nb\_{H}et{E}x: a program to estimate the effective number of breeders},
   journal = {Journal of Heredity},
   volume = {99},
   number = {6},
   pages = {694-695},
   ISSN = {0022-1503},
   year = {2008},
   type = {Journal Article}
}
@article{Waples_and_Do_2008,
   author = {Waples, Robin S and Do, CHI},
   title = {{LDNE}: a program for estimating effective population size from data on linkage disequilibrium},
   journal = {Molecular Ecology Resources},
   volume = {8},
   number = {4},
   pages = {753-756},
   ISSN = {1755-0998},
   year = {2008},
   type = {Journal Article}
}
@article{Nomura_2008,
   author = {Nomura, Tetsuro},
   title = {Estimation of effective number of breeders from molecular coancestry of single cohort sample},
   journal = {Evolutionary Applications},
   volume = {1},
   number = {3},
   pages = {462-474},
   ISSN = {1752-4571},
   year = {2008},
   type = {Journal Article}
}
@techreport{Enge_et_al_2006,
   author = {Enge, K.M. and Berish, J.E. and Bolt, R. and Dziergowski, A. and Musinsky, H.R.},
   title = {Biological Status Report Gopher Tortoise},
   institution = {Florida Fish and Wildlife Conservation Commission},
   year = {2006},
   type = {Report}
}
@article{Do_et_al_2014,
   author = {Do, Chi and Waples, Robin S and Peel, David and Macbeth, GM and Tillett, Bree J and Ovenden, Jennifer R},
   title = {Ne{E}stimator v2: re-implementation of software for the estimation of contemporary effective population size ({N}e) from genetic data},
   journal = {Molecular Ecology Resources},
   volume = {14},
   number = {1},
   pages = {209-214},
   ISSN = {1755-0998},
   year = {2014},
   type = {Journal Article}
}
@article{Vasquez-Carrillo_et_al_2014,
   author = {Vasquez-Carrillo, C. and Friesen, V. and Hall, L. and Peery, M. Z.},
   title = {Variation in {MHC} class {II} {B} genes in marbled murrelets: implications for delineating conservation units},
   journal = {Animal Conservation},
   volume = {17},
   number = {3},
   pages = {244-255},
   ISSN = {13679430},
   DOI = {10.1111/acv.12089},
   year = {2014},
   type = {Journal Article}
}
@article{Lemay_and_Russello_2015,
   author = {Lemay, M. A. and Russello, M. A.},
   title = {Genetic evidence for ecological divergence in kokanee salmon},
   journal = {Molecular Ecology},
   volume = {24},
   number = {4},
   pages = {798-811},
   DOI = {10.1111/mec.13066},
   year = {2015},
   type = {Journal Article}
}
@article{Hohenlohe_et_al_2010,
   author = {Hohenlohe, Paul A. and Bassham, Susan and Etter, Paul D. and Stiffler, Nicholas and Johnson, Eric A. and Cresko, William A.},
   title = {Population Genomics of Parallel Adaptation in Threespine Stickleback using Sequenced {RAD} Tags},
   journal = {PLoS Genetics},
   volume = {6},
   number = {2},
   pages = {e1000862},
   DOI = {10.1371/journal.pgen.1000862},
   url = {http://dx.doi.org/10.1371%2Fjournal.pgen.1000862},
   year = {2010},
   type = {Journal Article}
}
@article{Blanco-Bercial_and_Bucklin_2016,
   author = {Blanco-Bercial, L. and Bucklin, A.},
   title = {New view of population genetics of zooplankton: {RAD}-seq analysis reveals population structure of the {N}orth {A}tlantic planktonic copepod {C}entropages typicus},
   journal = {Molecular Ecology},
   volume = {25},
   number = {7},
   pages = {1566-80},
   ISSN = {1365-294X (Electronic)
0962-1083 (Linking)},
   DOI = {10.1111/mec.13581},
   url = {http://www.ncbi.nlm.nih.gov/pubmed/26857348},
   year = {2016},
   type = {Journal Article}
}